<?xml version="1.0"?>
<marc:records xmlns:marc="http://www.loc.gov/MARC21/slim" xmlns:xsi="http://www.w3.org/2001/XMLSchema-instance" xsi:schemaLocation="http://www.loc.gov/MARC21/slim http://www.loc.gov/standards/marcxml/schema/MARC21slim.xsd">
  <marc:record>
    <marc:leader>05277cam a2200577Ia 4500</marc:leader>
    <marc:controlfield tag="001">9977646151503681</marc:controlfield>
    <marc:controlfield tag="005">20200211160420.0</marc:controlfield>
    <marc:controlfield tag="008">191218q16001799xx            000 0 ara d</marc:controlfield>
    <marc:datafield ind1=" " ind2=" " tag="035">
  <marc:subfield code="a">(OCoLC)1131863898</marc:subfield>
</marc:datafield>
    <marc:datafield ind1=" " ind2=" " tag="035">
  <marc:subfield code="a">(OCoLC)on1131863898</marc:subfield>
</marc:datafield>
    <marc:datafield ind1=" " ind2=" " tag="040">
  <marc:subfield code="a">PAU</marc:subfield>
  <marc:subfield code="b">eng</marc:subfield>
  <marc:subfield code="c">PAU</marc:subfield>
  <marc:subfield code="e">amremm</marc:subfield>
  <marc:subfield code="d">PAU</marc:subfield>
  <marc:subfield code="d">OCLCO</marc:subfield>
  <marc:subfield code="d">PAU</marc:subfield>
</marc:datafield>
    <marc:datafield ind1=" " ind2="9" tag="099">
  <marc:subfield code="a">CAJS Rar Ms 279</marc:subfield>
</marc:datafield>
    <marc:datafield ind1="1" ind2=" " tag="100">
  <marc:subfield code="6">880-01</marc:subfield>
  <marc:subfield code="a">Tafta&#x304;za&#x304;ni&#x304;, Mas&#x2BB;u&#x304;d ibn &#x2BB;Umar,</marc:subfield>
  <marc:subfield code="d">1322-1389?.</marc:subfield>
</marc:datafield>
    <marc:datafield ind1="1" ind2="0" tag="245">
  <marc:subfield code="6">880-02</marc:subfield>
  <marc:subfield code="a">[Mukhtas&#x323;ar fi&#x304; al-ma&#x2BB;a&#x304;ni&#x304;].</marc:subfield>
</marc:datafield>
    <marc:datafield ind1=" " ind2=" " tag="260">
  <marc:subfield code="c">[between 1600 and 1799?]</marc:subfield>
</marc:datafield>
    <marc:datafield ind1=" " ind2=" " tag="300">
  <marc:subfield code="a">i, 175 leaves :</marc:subfield>
  <marc:subfield code="b">paper ;</marc:subfield>
  <marc:subfield code="c">279 x 197 (205 x 120) mm bound to 275 x 205 mm.</marc:subfield>
</marc:datafield>
    <marc:datafield ind1=" " ind2=" " tag="500">
  <marc:subfield code="a">Title supplied by cataloger.</marc:subfield>
</marc:datafield>
    <marc:datafield ind1=" " ind2=" " tag="500">
  <marc:subfield code="a">Foliation: Modern foliation added in pencil, upper left recto; catchwords every verso, lower left.</marc:subfield>
</marc:datafield>
    <marc:datafield ind1=" " ind2=" " tag="500">
  <marc:subfield code="a">Layout: Written in 30 long lines; border-ruled.</marc:subfield>
</marc:datafield>
    <marc:datafield ind1=" " ind2=" " tag="500">
  <marc:subfield code="a">Script: Written in naskh in black ink; pointed.</marc:subfield>
</marc:datafield>
    <marc:datafield ind1=" " ind2=" " tag="500">
  <marc:subfield code="a">Decoration: Source-text overlined in black; some chapter headings in larger script.</marc:subfield>
</marc:datafield>
    <marc:datafield ind1=" " ind2=" " tag="500">
  <marc:subfield code="a">Binding: Red leather over pasteboard with flap (Type II); blind-stamped central mandorla, two pendants on the vertical axis and double frame; binding is detached from textblock.</marc:subfield>
</marc:datafield>
    <marc:datafield ind1=" " ind2=" " tag="500">
  <marc:subfield code="a">Origin: The copy is undated, though it mentions that the work copied was begun in 742 and finished in 748 A.H. (f. 175r); possibly copied in the 17th or 18th century.</marc:subfield>
</marc:datafield>
    <marc:datafield ind1=" " ind2=" " tag="500">
  <marc:subfield code="a">Watermark: Trefoil countermark with initials B? and C?; some pages have a large coat of arms (see f. 56 for example).</marc:subfield>
</marc:datafield>
    <marc:datafield ind1=" " ind2=" " tag="520">
  <marc:subfield code="a">Shorter commentary on Talkhi&#x304;s&#x323; al-Mifta&#x304;h&#x323; by Jala&#x304;l al-Di&#x304;n al-Qazwi&#x304;ni&#x304;, an abridgment of part 3 of Mifta&#x304;h&#x323; al-&#x2BB;ulu&#x304;m by al-Sakka&#x304;ki&#x304; on al-Ma&#x2BB;a&#x304;ni&#x304; wa-al-baya&#x304;n. This copy is missing a page at the beginning and is written in an ink that is corroding through the paper making some of the pages unstable and difficult to read.</marc:subfield>
</marc:datafield>
    <marc:datafield ind1=" " ind2=" " tag="524">
  <marc:subfield code="a">CAJS Rar Ms 279</marc:subfield>
</marc:datafield>
    <marc:datafield ind1="1" ind2=" " tag="541">
  <marc:subfield code="a">Given by Solomon L. Skoss to the Dropsie College for Hebrew and Cognate Learning (note on library bookplate, inside front cover).</marc:subfield>
</marc:datafield>
    <marc:datafield ind1=" " ind2=" " tag="546">
  <marc:subfield code="a">Arabic.</marc:subfield>
</marc:datafield>
    <marc:datafield ind1="1" ind2=" " tag="561">
  <marc:subfield code="a">Formerly owned by the Dropsie College for Hebrew and Cognate Learning (note on library bookplate, inside front cover).</marc:subfield>
</marc:datafield>
    <marc:datafield ind1="1" ind2="0" tag="600">
  <marc:subfield code="6">880-03</marc:subfield>
  <marc:subfield code="a">Qazwi&#x304;ni&#x304;, Jala&#x304;l al-Di&#x304;n Muh&#x323;ammad ibn &#x2BB;Abd al-Rah&#x323;ma&#x304;n,</marc:subfield>
  <marc:subfield code="d">1267 or 1268-1338.</marc:subfield>
  <marc:subfield code="t">Talkhi&#x304;s&#x323; Mifta&#x304;h&#x323; al-&#x2BB;ulu&#x304;m.</marc:subfield>
</marc:datafield>
    <marc:datafield ind1="1" ind2="0" tag="600">
  <marc:subfield code="6">880-04</marc:subfield>
  <marc:subfield code="a">Sakka&#x304;ki&#x304;, Yu&#x304;suf ibn Abi&#x304; Bakr,</marc:subfield>
  <marc:subfield code="d">1160-</marc:subfield>
  <marc:subfield code="t">Mifta&#x304;h&#x323; al-&#x2BB;ulu&#x304;m.</marc:subfield>
</marc:datafield>
    <marc:datafield ind1=" " ind2="0" tag="650">
  <marc:subfield code="a">Arabic language</marc:subfield>
  <marc:subfield code="x">Rhetoric</marc:subfield>
  <marc:subfield code="v">Early works to 1800.</marc:subfield>
</marc:datafield>
    <marc:datafield ind1=" " ind2="0" tag="655">
  <marc:subfield code="a">Manuscripts, Arabic.</marc:subfield>
</marc:datafield>
    <marc:datafield ind1=" " ind2="0" tag="655">
  <marc:subfield code="a">Manuscripts, 17th century.</marc:subfield>
</marc:datafield>
    <marc:datafield ind1=" " ind2="0" tag="655">
  <marc:subfield code="a">Manuscripts, 18th century.</marc:subfield>
</marc:datafield>
    <marc:datafield ind1=" " ind2="7" tag="655">
  <marc:subfield code="a">Codices (bound manuscripts)</marc:subfield>
  <marc:subfield code="2">aat</marc:subfield>
</marc:datafield>
    <marc:datafield ind1=" " ind2="7" tag="655">
  <marc:subfield code="a">Envelope flaps (features)</marc:subfield>
  <marc:subfield code="2">lobt</marc:subfield>
</marc:datafield>
    <marc:datafield ind1=" " ind2="7" tag="655">
  <marc:subfield code="a">Blind tooled (decoration)</marc:subfield>
  <marc:subfield code="2">lobt</marc:subfield>
</marc:datafield>
    <marc:datafield ind1="1" ind2="2" tag="700">
  <marc:subfield code="6">880-05</marc:subfield>
  <marc:subfield code="a">Qazwi&#x304;ni&#x304;, Jala&#x304;l al-Di&#x304;n Muh&#x323;ammad ibn &#x2BB;Abd al-Rah&#x323;ma&#x304;n,</marc:subfield>
  <marc:subfield code="d">1267 or 1268-1338.</marc:subfield>
  <marc:subfield code="t">Talkhi&#x304;s&#x323; al-Mifta&#x304;h&#x323;.</marc:subfield>
  <marc:subfield code="k">Selections.</marc:subfield>
</marc:datafield>
    <marc:datafield ind1="1" ind2=" " tag="700">
  <marc:subfield code="a">Skoss, Solomon Leon,</marc:subfield>
  <marc:subfield code="d">1884-1953,</marc:subfield>
  <marc:subfield code="e">former owner.</marc:subfield>
</marc:datafield>
    <marc:datafield ind1="2" ind2=" " tag="710">
  <marc:subfield code="a">Dropsie College for Hebrew and Cognate Learning,</marc:subfield>
  <marc:subfield code="e">former owner.</marc:subfield>
</marc:datafield>
    <marc:datafield ind1=" " ind2=" " tag="852">
  <marc:subfield code="b">Library at the Herbert D. Katz Center for Advanced Judaic Studies</marc:subfield>
  <marc:subfield code="a">University of Pennsylvania</marc:subfield>
  <marc:subfield code="e">420 Walnut Street, Philadelphia, Pennsylvania 19106-3703</marc:subfield>
  <marc:subfield code="j">CAJS Rar Ms 279</marc:subfield>
</marc:datafield>
    <marc:datafield ind1="4" ind2="1" tag="856">
  <marc:subfield code="z">Digital facsimile in OPenn</marc:subfield>
  <marc:subfield code="u">http://openn.library.upenn.edu/Data/0002/html/kcajs_rar_ms_279.html</marc:subfield>
</marc:datafield>
    <marc:datafield ind1="1" ind2=" " tag="880">
  <marc:subfield code="6">100-01//r</marc:subfield>
  <marc:subfield code="a">&#x62A;&#x641;&#x62A;&#x627;&#x632;&#x627;&#x646;&#x64A;&#x60C; &#x645;&#x633;&#x639;&#x648;&#x62F; &#x628;&#x646; &#x639;&#x645;&#x631;&#x60C;</marc:subfield>
  <marc:subfield code="d">1322-1389&#x61F;</marc:subfield>
</marc:datafield>
    <marc:datafield ind1="1" ind2="0" tag="880">
  <marc:subfield code="6">245-02//r</marc:subfield>
  <marc:subfield code="a">[&#x645;&#x62E;&#x62A;&#x635;&#x631; &#x641;&#x64A; &#x627;&#x644;&#x645;&#x639;&#x627;&#x646;&#x64A;].</marc:subfield>
</marc:datafield>
    <marc:datafield ind1="1" ind2="4" tag="880">
  <marc:subfield code="6">600-03//r</marc:subfield>
  <marc:subfield code="a">&#x642;&#x632;&#x648;&#x64A;&#x646;&#x64A;&#x60C; &#x62C;&#x644;&#x627;&#x644; &#x627;&#x644;&#x62F;&#x64A;&#x646; &#x645;&#x62D;&#x645;&#x62F; &#x628;&#x646; &#x639;&#x628;&#x62F; &#x627;&#x644;&#x631;&#x62D;&#x645;&#x646;&#x60C;</marc:subfield>
  <marc:subfield code="d">1267 &#x627;&#x648; 1268-1338.</marc:subfield>
  <marc:subfield code="t">&#x62A;&#x644;&#x62E;&#x64A;&#x635; &#x627;&#x644;&#x645;&#x641;&#x62A;&#x627;&#x62D;.</marc:subfield>
</marc:datafield>
    <marc:datafield ind1="1" ind2="4" tag="880">
  <marc:subfield code="6">600-04//r</marc:subfield>
  <marc:subfield code="a">&#x633;&#x643;&#x627;&#x643;&#x64A;&#x60C; &#x64A;&#x648;&#x633;&#x641; &#x628;&#x646; &#x627;&#x628;&#x64A; &#x628;&#x643;&#x631;&#x60C;</marc:subfield>
  <marc:subfield code="d">-1160</marc:subfield>
  <marc:subfield code="t">&#x645;&#x641;&#x62A;&#x627;&#x62D; &#x627;&#x644;&#x639;&#x644;&#x648;&#x645;.</marc:subfield>
</marc:datafield>
    <marc:datafield ind1="1" ind2="2" tag="880">
  <marc:subfield code="6">700-05//r</marc:subfield>
  <marc:subfield code="a">&#x642;&#x632;&#x648;&#x64A;&#x646;&#x64A;&#x60C; &#x62C;&#x644;&#x627;&#x644; &#x627;&#x644;&#x62F;&#x64A;&#x646; &#x645;&#x62D;&#x645;&#x62F; &#x628;&#x646; &#x639;&#x628;&#x62F; &#x627;&#x644;&#x631;&#x62D;&#x645;&#x646;&#x60C;</marc:subfield>
  <marc:subfield code="d">1267 &#x627;&#x648; 1268-1338.</marc:subfield>
  <marc:subfield code="t">&#x62A;&#x644;&#x62E;&#x64A;&#x635; &#x627;&#x644;&#x645;&#x641;&#x62A;&#x627;&#x62D;</marc:subfield>
  <marc:subfield code="k">Selections.</marc:subfield>
</marc:datafield>
    <marc:datafield ind1=" " ind2=" " tag="948">
  <marc:subfield code="h">HELD BY PAU - 1 OTHER HOLDINGS</marc:subfield>
</marc:datafield>
    <marc:datafield ind1=" " ind2=" " tag="994">
  <marc:subfield code="a">Z0</marc:subfield>
  <marc:subfield code="b">PAU</marc:subfield>
</marc:datafield>
    <marc:datafield ind1=" " ind2=" " tag="996">
  <marc:subfield code="a">hinge-right</marc:subfield>
</marc:datafield>
    <marc:holdings>
      <marc:holding>
        <marc:holding_id>22608638990003681</marc:holding_id>
        <marc:call_number>CAJS Rar Ms 279</marc:call_number>
        <marc:library>KatzLib</marc:library>
        <marc:location>cjsrarms</marc:location>
      </marc:holding>
    </marc:holdings>
  </marc:record>
</marc:records>
